<record xmlns="http://www.openarchives.org/OAI/2.0/" xmlns:xsi="http://www.w3.org/2001/XMLSchema-instance"><header><identifier>oai:alma.34CSIC_INST:990012231860204201</identifier><datestamp>2020-02-06T08:41:03Z</datestamp><setSpec>manuscripta</setSpec></header><metadata><record xmlns="http://www.loc.gov/MARC21/slim" xmlns:xsi="http://www.w3.org/2001/XMLSchema-instance" xsi:schemaLocation="http://www.loc.gov/MARC21/slim http://www.loc.gov/standards/marcxml/schema/MARC21slim.xsd"><leader>01681ntm a2200361 i 4500</leader><controlfield tag="005">20181031100338.0</controlfield><controlfield tag="008">100223suuuu    xx            000 0 heb d</controlfield><controlfield tag="001">990012231860204201</controlfield><datafield tag="035" ind1=" " ind2=" "><subfield code="a">CSIC001223186</subfield></datafield><datafield tag="035" ind1=" " ind2=" "><subfield code="a">(ES-MaCSI)001223186MAD01-Aleph</subfield></datafield><datafield tag="035" ind1=" " ind2=" "><subfield code="a">(OCoLC)1123772564
</subfield></datafield><datafield tag="040" ind1=" " ind2=" "><subfield code="a">ES-MaCSI</subfield><subfield code="b">spa</subfield></datafield><datafield tag="080" ind1=" " ind2=" "><subfield code="a">091(=411.16)</subfield></datafield><datafield tag="080" ind1=" " ind2=" "><subfield code="a">398.4(=411.16)</subfield></datafield><datafield tag="245" ind1="1" ind2="0"><subfield code="a">[Amuleto]</subfield><subfield code="h">[Manuscrito]</subfield></datafield><datafield tag="300" ind1=" " ind2=" "><subfield code="a">1 fragmento (35 lín.) ;</subfield><subfield code="c">31 x 3,2 cm.</subfield></datafield><datafield tag="490" ind1="0" ind2=" "><subfield code="a">Manuscripta</subfield></datafield><datafield tag="500" ind1=" " ind2=" "><subfield code="a">Distribución: línea tirada, 35 lín.</subfield></datafield><datafield tag="500" ind1=" " ind2=" "><subfield code="a">Pergamino</subfield></datafield><datafield tag="505" ind1="8" ind2=" "><subfield code="a">Amuleto en beneficio de Nissim bar Luna para la protección contra las enfermedades, daños y mal de ojo.</subfield></datafield><datafield tag="500" ind1=" " ind2=" "><subfield code="a">Lugar de escritura: Desconocido</subfield></datafield><datafield tag="500" ind1=" " ind2=" "><subfield code="a">Copista: Desconocido</subfield></datafield><datafield tag="500" ind1=" " ind2=" "><subfield code="a">Características especiales: presenta una estrella de David y una hamsa (mano mágica) con fórmulas mágicas, además de voces magicae y los nombre de los ángeles.</subfield></datafield><datafield tag="500" ind1=" " ind2=" "><subfield code="a">Un legajo recortado con la forma habitual para este tipo de amuletos</subfield></datafield><datafield tag="500" ind1=" " ind2=" "><subfield code="a">Signatura antigua: CVI-M/104</subfield></datafield><datafield tag="546" ind1=" " ind2=" "><subfield code="a">Hebreo</subfield><subfield code="b">Escritura hebrea cuadrada</subfield></datafield><datafield tag="541" ind1=" " ind2=" "><subfield code="a">Procedencia: Desconocida</subfield></datafield><datafield tag="650" ind1=" " ind2="7"><subfield code="a">Amuletos (Judaísmo)</subfield><subfield code="2">CSICAU</subfield></datafield><datafield tag="650" ind1=" " ind2="7"><subfield code="a">Magia judía.</subfield><subfield code="2">CSICAU</subfield></datafield><datafield tag="650" ind1=" " ind2="7"><subfield code="a">Manuscritos hebreos.</subfield><subfield code="2">CSICAU</subfield></datafield><datafield tag="830" ind1=" " ind2="0"><subfield code="a">Manuscripta</subfield></datafield><datafield tag="856" ind1="4" ind2="1"><subfield code="u">http://aleph.csic.es/imagenes/mad01/0006_PMSC/P_001223186_642861_V00.pdf</subfield><subfield code="z">Descargar Pdf completo (225K)</subfield><subfield code="m">CSIC</subfield></datafield><datafield tag="856" ind1="4" ind2="1"><subfield code="u">http://simurg.bibliotecas.csic.es/viewer/image/CSIC001223186/1/</subfield><subfield code="z">Ver texto completo en SIMURG, el portal de fondos digitalizados del CSIC</subfield><subfield code="m">CSIC</subfield></datafield><datafield tag="856" ind1="4" ind2="1"><subfield code="u">http://aleph.csic.es/imagenes/mad01/0006_PMSC/html/001223186.html</subfield><subfield code="z">Ver texto completo en Bookreader</subfield></datafield></record></metadata></record>